@online{coursesPDPBFS,
  title={NI-PDP: Prohledávání do hloubky},
  note={\url{https://courses.fit.cvut.cz/NI-PDP/labs/prohledavani-do-hloubky.html}},
  author={Michal, Šoch},
  year={4. 2. 2022}
}

@online{mpiwiki,
  title={MPI},
  note={\url{https://en.wikipedia.org/wiki/Message_Passing_Interface}},
  year={2023}
}
